@thesis{ref_thesis,
	type = {博士},
	title = {论文标题},
	author = {作, 者},
	namea = {王, 大锤},
	nameatype = {collaborator},
	date = {2025},
	location = {地址},
	institution = {XXXX大学},
	langid = {chinese},
}
@article{ref_article,
	title = {标题标题标题标题标题标题标题标题标题标题},
	author = {作, 者},
	date = {1997},
	journaltitle = {期刊名},
	number = {01},
	pages = {13--20},
}
@book{ref_book,
	title = {书籍名},
	author = {{生僻{\CJKfontspec{simsun.ttc}堃}} and {作者}},
	date = {2017},
	publisher = {XXX},
	location = {北京}
}




















































